@book{sommerfeld,
  title={Partial differential equations in physics},
  author={Sommerfeld, Arnold},
  volume={1},
  year={1949},
  publisher={Academic press}
}

@book{leveque,
  title={Finite Difference Methods for Ordinary and Partial Differential Equations: Steady-State and Time-Dependent Problems},
  author={LeVeque, R.J.},
  isbn={9780898717839},
  lccn={2007061732},
  series={Other Titles in Applied Mathematics},
  url={https://books.google.co.uk/books?id=lZysESfSWwgC},
  year={2007},
  publisher={Society for Industrial and Applied Mathematics (SIAM, 3600 Market Street, Floor 6, Philadelphia, PA 19104)}
}

@misc{oomph_hh, 
  title={Theory: The Helmholtz equation for time-harmonic scattering problems}, 
  url={http://oomph-lib.maths.man.ac.uk/doc/helmholtz/scattering/html/index.html}, 
  journal={oomph-lib: Example problem: The Helmholtz equation -- scattering problems},
  note={Last accessed: 2018-05-10}
}
